@misc{SVM_ref,
	author="Steve R. Gunn",
	year="1998",
	title="Support vector machines for classification and regression"
	}
@misc{advice,
	title="Advice for applying Machine Learning",
	author="Andrew Y. Ng",
	publisher="Stanford University"}
	
@inproceedings{Menoret2017,
  doi = {10.1109/globalsip.2017.8309033},
  url = {https://doi.org/10.1109/globalsip.2017.8309033},
  year  = {2017},
  month = {nov},
  publisher = {{IEEE}},
  author = {Mathilde Menoret and Nicolas Farrugia and Bastien Pasdeloup and Vincent Gripon},
  title = {Evaluating graph signal processing for neuroimaging through classification and dimensionality reduction},
  booktitle = {2017 {IEEE} Global Conference on Signal and Information Processing ({GlobalSIP})}
}

@inproceedings{Rui2016,
  doi = {10.1109/icip.2016.7532574},
  url = {https://doi.org/10.1109/icip.2016.7532574},
  year  = {2016},
  month = {sep},
  publisher = {{IEEE}},
  author = {Liu Rui and Hossein Nejati and Ngai-Man Cheung},
  title = {Dimensionality reduction of brain imaging data using graph signal processing},
  booktitle = {2016 {IEEE} International Conference on Image Processing ({ICIP})}
}

@article{Szklarczyk2016,
  doi = {10.1093/nar/gkw937},
  url = {https://doi.org/10.1093/nar/gkw937},
  year  = {2016},
  month = {oct},
  publisher = {Oxford University Press ({OUP})},
  volume = {45},
  number = {D1},
  pages = {D362--D368},
  author = {Damian Szklarczyk and John H Morris and Helen Cook and Michael Kuhn and Stefan Wyder and Milan Simonovic and Alberto Santos and Nadezhda T Doncheva and Alexander Roth and Peer Bork and Lars J. Jensen and Christian von~Mering},
  title = {The {STRING} database in 2017: quality-controlled protein{\textendash}protein association networks,  made broadly accessible},
  journal = {Nucleic Acids Research}
 }
 
 @article{Zerbino2017,
  doi = {10.1093/nar/gkx1098},
  url = {https://doi.org/10.1093/nar/gkx1098},
  year  = {2017},
  month = {nov},
  publisher = {Oxford University Press ({OUP})},
  volume = {46},
  number = {D1},
  pages = {D754--D761},
  author = {Daniel R Zerbino and Premanand Achuthan and Wasiu Akanni and M~Ridwan Amode and Daniel Barrell and Jyothish Bhai and Konstantinos Billis and Carla Cummins and Astrid Gall and Carlos Garc{\'{\i}}a Gir{\'{o}}n and Laurent Gil and Leo Gordon and Leanne Haggerty and Erin Haskell and Thibaut Hourlier and Osagie G Izuogu and Sophie H Janacek and Thomas Juettemann and Jimmy Kiang To and Matthew R Laird and Ilias Lavidas and Zhicheng Liu and Jane E Loveland and Thomas Maurel and William McLaren and Benjamin Moore and Jonathan Mudge and Daniel N Murphy and Victoria Newman and Michael Nuhn and Denye Ogeh and Chuang Kee Ong and Anne Parker and Mateus Patricio and Harpreet Singh Riat and Helen Schuilenburg and Dan Sheppard and Helen Sparrow and Kieron Taylor and Anja Thormann and Alessandro Vullo and Brandon Walts and Amonida Zadissa and Adam Frankish and Sarah E Hunt and Myrto Kostadima and Nicholas Langridge and Fergal J Martin and Matthieu Muffato and Emily Perry and Magali Ruffier and Dan M Staines and Stephen J Trevanion and Bronwen L Aken and Fiona Cunningham and Andrew Yates and Paul Flicek},
  title = {Ensembl 2018},
  journal = {Nucleic Acids Research}
}